%% Ordem:
% ARTICLES
% BOOKS
% BOOKLETS
% INCOLLECTION
% INPROCEEDINGS
% TECHREPORTS
% UNPUBLISHED
% na frente dos caracteres especiais
% $,&,%,#,_,{,}, usa-se \ na frente....
%%%%%%%%%%%%%%%%%%%%%%%%%%%%%%%%%%%%%%


@ARTICLE{censo,
	AUTHOR       = "Censo",
	TITLE        = "Cartilha do Censo 2010, Pessoas com Defici\^{e}ncia",
	URL	      ="http://www.portalinclusivo.ce.gov.br/phocadownload/cartilhasdeficiente/cartilha-censo-2010-pessoas-com-deficiencia.pdf",
	NOTE =    "visitado em (10/04/2014)",
	YEAR         = "2010"
}


@ARTICLE{wc,
	AUTHOR     = "World Wide Web Consortium Escrit\'{o}rio Brasil",
	TITLE        = " Paralisia Cerebral Aspectos Fisioterap\^{e}uticos e Cl\'{i}nicos",
	YEAR         = "2013"
}

@ARTICLE{leite,
	AUTHOR       = " Jaqueline Maria Resende Silveira Leite and Gilmar Fernandes do Prado",
	TITLE        = "Pesquisa sobre uso de Tecnologias Assistivas: Ampliadores e Leitores de tela",
	YEAR         = "2012"
}


@ARTICLE{radabaugh,
	AUTHOR       = " Mary Pat Radabaugh",
	TITLE        = " NIDRR's Long Range Plan - Technology for Access and Function Research Section Two: NIDDR Research Agenda Chapter 5: TECHNOLOGY FOR ACCESS AND FUNCTION",
	YEAR         = "1993"
}

@ARTICLE{bersch,
		author = {Rita Bersch},
		title = {Introdu\c{c}\~{a}o Tecnologia Assistiva},
		note = {Dispon'ivel em: http://www.assistiva.com.br/Introducao\_Tecnologia\_Assistiva.pdf, visitado em (10/04/2014)},
		YEAR         = "2013"
}

@ARTICLE{lima,
	author = { Niusarete Margarida de Lima},
	title = {Legisla\c{c}\~{a}o Federal B\'{a}sica na \'{A}rea da Pessoa Portadora de Defici\^{e}ncia},
	url = {http://www.icepbrasil.com.br/portal/midia/download/legislacao\_basica\_pcd.pdf},
	note = {Visitado em 02/05/2014},
	YEAR         = "2007"
}

@ARTICLE{eustat,
		author = {EUSTAT  COMMISS\~{A}O EUROPEIA},
		title = { Educa\c{c}\~{a}o em Tecnologias de Apoio para Utilizadores Finais - Linhas de Orienta\c{c}\~{a}o para Formadores},
		YEAR         = "1999"
}
@ARTICLE{rodrigues,
	author = {Patr\'{i}cia Rocha Rodrigues and Lynn Rosalina Gama Alves},
	title = {Tecnologia Assistiva Uma Revis\~{a}o do Tema},
	url = {http://www2.ifrn.edu.br/ojs/index.php/HOLOS/article/viewFile/1595/765},
		note = {Visitado em 02/05/2014},
	YEAR         = "2013"
}

@misc{romeu,
	author = {Romeu Kazumi Sassaki},
	title = {Inclus\~{a}o: Acessibilidade no lazer, trabalho e educa\c{c}\~{a}o },
	YEAR         = "1996"
}

@misc{fiquene,
	author = {Lilian Fernanda Araya Chateau and Germanna Meirelles Cardoso Fiquene and Patr\'{i}cia Fukuda de Siqueira Baptista and Beatriz Regina Pereira Saeta },
	url = {http://www\-.mackenzie.br/mestrado\-\_\-bio\_caderno\-\_p\_g.\-html},
	title = {A Associa\c{c}\~{a}o da Express\~{a}o Necessidades Especiais ao Conceito de Defici\^{e}ncia },
	note = {(Visitado em 11/04/2014)},
	YEAR         = "2012"
}

@ARTICLE{onu,
	author = {ONU},
	title = {World report on disability},
	pages = {11-12},
	url = {http://whqlibdoc.who.int/publications/2011/9789240685215\_eng.pdf?ua=1},
	note = {(Visitado em 11/04/2014)},
	YEAR         = "2011"
}

@ARTICLE{onu2,
	author = {ONU},
	title = {Programa De A\c{c}\~{a}o Mundial para as Pessoas Com Defici\^{e}ncia},
	YEAR         = "1982"
}


@ARTICLE{unirio,
	author = {Jorge Fiore de Oliveira Junior and Simone Bacellar Leal Ferreira},
	title = {Guia de Refer\^{e}ncia em Acessibilidade Web},
	url = {http://www.acessibilidadelegal.com/13-guia.php},
	note = {Visitado em (22/04/2010)},
	YEAR         = "2009"
}

@ARTICLE{nicholl,
	author = {Anthony Robert Joseph Nicholl and Jos\'{e} Jorge Boueri Filho},
	title = {O ambiente que Promove a Inclus\~{a}o: Conceitos de Acessibilidade e Usabilidade},
	url = {http://www.unimar.br/publicacoes/assentamentos/assent\_humano3v2/\-Antony\%\-20\-e\%\-20\-jose.htm},
	note = {Visitado em (22/04/2010)},
	YEAR         = "2001"
}

@ARTICLE{nbr,
	author = {Associa\c{c}\~{a}o Brasileira de Normas Tecnicas ABNT},
	title = {NBR9050},
	YEAR         = "1994"
}

@ARTICLE{donatangelo,
	author = {Leandro Donatangelo and Isabela Gasparini},
	title = { Projeto: Extens\~{a}o para Portadores de Necessidades Especiais Visuais },
	note = {Relat\'orio Final, UDESC},
	YEAR = "2005"
}

@ARTICLE{torres,
	author = { Elisabeth F\'{a}tima Torres and Alberto Angel Mazzoni and Jo\~{a}o Bosco da Mota Alves  },
	title ={ A Acessibilidade a Informa\c{c}\~{a}o no Espa\c{c}o Digital },
	url = {http://www.scielo.br/scielo.php?script=sci\_arttext\&pid=S0100-19652002000300009},
	note = {Visitado em (04/10/2014)},
	YEAR = "2002"
}

@ARTICLE{mec,
	author = { Minist\'{e}rio da Educa\c{c}\~{a}o no Brasil MEC},
	title ={ Portaria n 1.679, de 02 dezembro de },
	YEAR = "1999"
}
@ARTICLE{brasil,
	author = { Brasil},
	title = { Lei n 10.098, de 19 de dezembro de},
	YEAR = "2000"
}

@ARTICLE{brasil1,
	author = { Brasil},
	title = {Decreto n 3.294, de 15 de dezembro de},
	YEAR = "1999"
}

@ARTICLE{torres1,
	author = { Elisabeth F\'{a}tima Torres },
	title ={ A Acessibilidade \`{a} Informa\c{c}\~{a}o no Espa\c{c}o Digital},
	YEAR = "2002"
}

@ARTICLE{galvao,
	author = {Te\'{o}filo Galv\~{a}o Filho },
	title ={A Tecnologia Assistiva :  de que se trata ? },
	url = {http://www.galvaofilho.net/assistiva.pdf},
	note = {Visitado em (04/10/2014)},
	YEAR = "2009"
}
@ARTICLE{cata,
	author = {Comit\^{e} de Ajudas T\'{e}cnicas CAT },
	title ={Ata da Reuni\~{a}o III, de abril de},
	YEAR = "2007"
}

@ARTICLE{catb,
	author = {Comit\^{e} de Ajudas T\'{e}cnicas CAT },
	title ={Ata da Reuni\~{a}o V, de agosto de},
	YEAR = "2007"
}

@ARTICLE{pelosi1,
	author = {Miryam Bonadiu Pelosi and
	Rosane Barbosa Faria de Almeida and
	Elis \^{A}ngela Rocha da Silva and
	Gisela Sp\'{o}sito Torres and
	Luciana Bravo Janeiro and
	M\'{a}rcia Mello de Avolio Caetano da Silva and
	Renata Miranda T. Bastos and
	Sandra L\'{u}cia Elias Ribeiro Bastos and
	Telma L\'{u}cia Rodrigues Martins and
	Vera L\'{u}cia Francisco da Silva },
	title ={O Trabalho da Comunica\c{c}\~{a}o Alternativa na APAE de Niter\'{o}i: Uma Estrat\'{e}gia de Forma\c{c}\~{a}o em Servi\c{c}o },
	url = {http://www.lateca-uerj.net/publicacoes/artigos/},
	note = {Visitado em (10/04/2014)},
	YEAR = "1997"
}


@ARTICLE{gill,
	author = {Nadia Browning Gill },
	title ={Comunica\c{c}\~{a}o atrav\'{e}s de s\'{i}mbolos: abordagem cl\'{i}nica baseada em diversos estudos. Temas Sobre Desenvolvimento },
	YEAR = "1997"
}

@ARTICLE{emag,
	author = {Departamento de Governo Eletr\^{o}nico do Brasil },
	title ={e-MAG  Modelo de Acessibilidade em Governo Eletr\^{o}nico },
	note = {Dispon'ivel em: http://emag.governoeletronico.gov.br/, visitado em (10/04/2014)},
	YEAR = "2011"
}

@ARTICLE{cidid,
	author = {World Health Organization WHO },
	title ={International Classification of Impairments, Disabilities and Handicaps  },
	url = {http://whqlibdoc.who.int/publications/1980/9241541261\_eng.pdf},
		note = {Visitado em (10/04/2014)},
	YEAR = "1999"
}

@ARTICLE{sa,
	author = {Sumaia Midlej Pimental Sa and Elaine Pedreira Rabinovich},
	title = {Revista brasileira de crescimento e desenvolvimento humano - Compreendendo a fam\'{i}lia da crian\c{c} a com 	defici\^{e}ncia f\'{i}sica},
	YEAR = {2006}
}

@ARTICLE{abra,
	author = {Associa\c{c}\~{a}o Brasileira de Acessibilidade ABRA},
	title = {Normas T\'{e}cnicas de Acessibilidade},
	YEAR = {2005}
}

@ARTICLE{sepro,
	author = {Instituto Nacional para a Reabilita\c{c}\~{a}o INR},
	title = {Acessibilidade Desenho universal },
	url = {http://www.inr.pt/content/1/5/desenho-universal},
	note = {(Visitado em 04/10/2014)},
	YEAR = {2010}
}

@ARTICLE{glennen,
	author = {Sharon L. Glennen },
	title ={Augmentative and Alternative Communication Systems },
	url = {http://books.google.com.br/books?id=ylHxZMRseFgC\&printsec=frontcover\&hl=pt-BR\#v=onepage\&q\&f=false},
	note = {Visitado em (25/03/2014)},
	YEAR = "1997"
}

@ARTICLE{worthy,
	author = {Mary Frances Hanline and D\'{e}bora Nunes and â€‰Brandy Worthy},
	title ={Augmentative and Alternative Communication in the early childhood years. Young children on the web },
	YEAR = "2007"
}
@ARTICLE{correia,
	author = {Patr\'{i}cia Vieira de Andrade Correia and Mafalda Lopes Mendes and Secundino D Ascens\~{a}o Pereira Correia},
	title ={Altera\c{c}\~{a}o de um paradigma e o futuro da comunica\c{c}\~{a}o alternativa: vox4all, um caso de estudo  },
	url = {http://www.ufrgs.br/teias/isaac/VCBCAA/pdf/114772\_1.pdf},
	note = {(Visitado em 04/10/2014)},
	YEAR = "2013"
}

@ARTICLE{pelosi2,
	author = {Miryam Bonadiu Pelosi },
	title ={ O Papel do Terapeuta Ocupacional na Tecnologia Assistiva},
	url = {http://www.cadernosdeterapiaocupacional.ufscar.br\-/index\-.php\-/cadernos\-/article\-/view\-/176\-/133},
	note = {(Visitado em 04/10/2014)},
	YEAR =  "2005"
}

@ARTICLE{king,
	author = {Thomas W. King},
	title ={  Assistive Technology: Essential Human Factors},
	note = { Editora Allyn \& Bacon, Incorporated, Universidade de Michigan, ISBN 0205273262, 9780205273263},
	YEAR =  "2005"
}

@ARTICLE{fernando,
	author = {Fernando C. Capovilla and Elizeu Coutinho de Macedo and Marcelo Duduchi and Alessandra G. S. Capovilla and Val\'{e}ria de O. Thiers},
	title ={ Sistemas de comunica\c{c}\~{a}o alternativa e suplementar: princ\'{i}pios de engenharia e design},
	YEAR =  "1998"
}

@ARTICLE{leydi,
	author = {Leidy Cristian Miranda and Ivone Carmen Dias Gomes},
	title ={Contribui\c{c}\~{o}es da comunica\c{c}\~{a}o alternativa de baixa tecnologia em paralisia cerebral sem comunica\c{c}\~{a}o oral: relato de caso},
	YEAR =  "2008"
}

@ARTICLE{harrison,
	author = {Susan M. Harrison},
	title ={Opening the Eyes of Those Who Can See to the World of Those Who Cant: A Case Study},
	YEAR =  "2005"
}

@ARTICLE{assistiva,
	author = {Assistiva Tecnologia e Educa\c{c}\~{a}o ATE },
	title = {Tecnologia Assistiva},
	url = {http://www.assistiva.com.br/},
	YEAR = {2013},
	note = {(Visitado em 11/04/2014)}
}

@ARTICLE{vivere,
	author = {Vivere },
	title = {Tecnologia Assistiva},
	url = {http://www.vivereta.com.br/},
	YEAR = {2010},
	note = {(Visitado em 11/04/2014)}
}
@ARTICLE{controle,
	author = {Casa de Pedra},
	title = {Tecnologia no aux\'{i}lio da educa\c{c}\~{a}o especial},
	url = {http://cadepedranf.blogspot.com},
	YEAR = {2009},
	note = {(Visitado em 11/04/2014)}
}

@ARTICLE{teclado,
	author = {Photolizer},
	title = {Con\-cept and I\-ma\-ges Bra\-ille},
	url = {http://photolizer\-.com},
	YEAR = {2011},
	note = {(Visitado em 11/04/2014)}
}

@ARTICLE{portal,
	author = {Minst\'{e}rio da Educa\c{c}\~{a}o MEC},
	title = {Portal do Professor},
	url = {http://\-portaldoprofessor.\-mec.gov.br/},
	YEAR = {2010},
	note = {Visitado em 11/04/2014}
	}
	
@ARTICLE{protese,
	author = {Inovacao Tecnologica},
	title = {Dedo Mec\^{a}nico},
	url = {http://\-inovacao\-tecnologia\-.com.br/},
	YEAR = {2007},
	note = {Visitado em 11/04/2014}
	}
	
@ARTICLE{cadeira,
	author = {Adaptafacil},
	title = {Cadeira com Cintas de Postura},
	url = {http://\-adaptafaci\-l.com.br/},
	YEAR = {2012},
	note = {Visitado em 11/04/2014}
	}
	
@ARTICLE{cinta,
	author = {NetServe},
	title = {Cadeira com Motorizada},
	url = {http://\-netserve19\-.com.br/},
	YEAR = {2012},
	note = {Visitado em 11/04/2014}
	}
	
@ARTICLE{surdez,
	author = {Acessa},
	title = {Aparelho de Surdez},
	url = {http://\-acessa\-.com/},
	YEAR = {2011},
	note = {Visitado em 11/04/2014}
	}
	
@ARTICLE{fiat,
	author = {Fiat Press},
	title = {A Fiat na D\'{e}cima Edi\c{c}\~{a}o da Reatch},
	url = {http://\-www.fiatpress\-.com.br},
	YEAR = {2011},
	note = {Visitado em 11/04/2014}
	}
	
@ARTICLE{puc,
	author = {Pont\'{i}fica Universidade Cat\'{o}lica do Parana},
	title = {Amplisoft Prancha Livre de Comunica\c{c}\~{a}o},
	url = {http://\-www.ler.\-pucpr.br/amplisoft/},
	YEAR = {2011},
	note = {Visitado em 25/04/2014}
	}
	
@ARTICLE{livox,
	author = {Agora Eu Consigo Tecnologias de Inclus\~{a}o Social Ltda},
	title = {Livox},
	url = {http://\-www\-.agoraeuconsigo.\-org/},
	YEAR = {2012},
	note = {Visitado em 25/04/2014}
	}
	
@ARTICLE{quefala,
	author = {M\'{e}todos Solucoes Inteligentes},
	title = {Que-Fala},
	url = {http://\-www.\-quefala.com.br/},
	YEAR = {2012},
	note = {Visitado em 25/04/2014}
	}
	
@ARTICLE{sidar,
	author = {Fundaci\'{o}n Sidar},
	title = {Acesso Universal Seminario Sidar},
	url = {http://\-www.\-sidar.org/},
	YEAR = {2013},
	note = {Visitado em 28/04/2014}
	}
	
@ARTICLE{ati,
	author = {George Mason University},
	title = {Assistive Technology Initiativer},
	url = {http://ati.gmu.edu/},
	YEAR = {2014},
	note = {Visitado em 28/04/2014}
	}
	
@ARTICLE{incnesi,
	author = {Minist\'{e}rio da Educa\c{c}\~{a}o e Ci\^{e}ncia de Portugal},
	title = {Iniciativa Nacional para os Cidad\~{a}os com Necessidades Especiais na Sociedade da Informa\c{c}\~{a}o},
	url = {http://\-www.\-acessibilidade.gov.pt/},
	YEAR = {2012},
	note = {Visitado em 28/04/2014}
	}
	
@book{som2007,
 	 author = {Ian Sommerville},
 	 edition = {8th},
 	 keywords = {software engineering},
 	 title = {Software Engineering},
 	 year = 2007
}

@ARTICLE{chagas,
 	 author = {Ana Maria de Resende Chagas},
 	 title = {Avan\c{c}os e impedimentos para a constru\c{c}\~{a}o de uma pol\'{i}tica social para as pessoas com defici\^{e}ncia},
	url = {http://hdl.handle.net/10482/5746},
	note = {Visitado em 28/04/2014},
 	 year = 2006
}

@ARTICLE{darcy,
	author = {Darcy Allen and Rita Bouchard and Priscilla Fortier and Bonnie Lamb and Rob Watt},
	title = {The Board Maker Project},
	YEAR = {2005}
}

@ARTICLE{mayer,
	author = {Alan Alves Correa and Andrio dos Santos Pinto and Luiz OtÃ¡vio Alves de Carvalho},
	title = {Comunica\c{c}\~{a}o Alternativa  Recursos assistidos e de alta tecnologia aplicados na educa\c{c}\~{a}o},
	YEAR = {2011}
	}
	
@misc{tiobe,
	author = {Tiobe},
	title = {TIOBE Software: Tiobe Index},
	howpublished = {http:\-//www.\-tiobe.com\-/index.\-php/content\-/paperinfo\-/tpci/index\-.html},
	note = {(Visitado em 05/06/2014)},
	year =2014
}

@misc{fgv,
	author = {Funda\c{c}\~{a}o Get\'{u}lio Vargas FVG},
	title = {Retratos da Defici\^{e}ncia no Brasil},
	note = {(Visi\-ted \-on \-05/14/2014)},
	year = 2001
}

@ARTICLE{juliane,
	author = {Juliane Reis},
	title = {Entrevista sobre os problemas das pranchas de comunica\c{c}\~{a}o},
	note = {Joinville,12 de jun. de 2014. Entrevista disponÃ­vel no ApÃªndice B},
	YEAR = {2014}
	}

@ARTICLE{daniel,
	author = {Daniel Lauer},
	title = { Compara\c{c}\~{a}o entre Linguagens de Programa\c{c}\~{a}o},
	url = {http://pt.scribd.com/doc/31787143/Artigo-Final-Comparacao-Entre-Linguagens-de-Programacao},
	note = {Visitado em (21/04/2010)},
	YEAR = {2008}
	}

@ARTICLE{iso,
	author = {Comit\^{e} ISO/IEC/JTC 1 Information Technology ISO},
	title = { ISO/IEC 9126. Software engineering Product Quality},
	note ={Parte 4},
	YEAR = {2004}
	}

@book{nielsen,
 	 title={Usabilidade na web},
 	 author={Nielsen, J. and Loranger, H.},
 	 isbn={9788535221909},
  	year={2007},
 	 publisher={Editora CAMPUS - RJ}
}

@ARTICLE{iso2,
	author = {Comit\^{e} ISO/IEC/JTC 1 Information Technology ISO9241-11},
	title = { ISO/IEC 9241-11 Orienta\c{c}\~{o}es sobre Usabilidade},
	note ={Parte 11},
	YEAR = {1998}
}

@ARTICLE{amostra,
	author = {Bruno Jos\'{e} Barcellos Fontanella and Janete Ricas and Egberto Ribeiro Turato },
	title = {Amostragem por satura\c{c}\~{a}o em pesquisas qualitativas em sa\'{u}de: contribui\c{c}\~{o}es te\'{o}ricas},
	url = {http://www.scielosp.org/pdf/csp/v24n1/02.pdf},
	note = {Visitado em (02/04/2014)},
	YEAR = {2008}
}

@ARTICLE{goncalves,
	author = {Vitor Manuel Barrig\~{a}o Goncalves },
	title = {Desenvolvimento de Sistemas De Informa\c{c}\~{a}o para a Web},
	YEAR = {2008}
}

@ARTICLE{corde,
	author = {Subsecretaria Nacional de Promo\c{c}\~{a}o dos Direitos da Pessoa com Defici\^{e}ncia CORDE },
	title = {Comit\^{e} de Ajudas T\'{e}cnicas Tecnologia Assistiva},
	url = {http://www.pessoacomdeficiencia.gov.br/app/sites/default/files/publicacoes/livro-tecnologia-assistiva.pdf},
	note = {p\'{a}g 138, Visitado em (05/27/2014)},
	YEAR = {2009}
}

@misc{pictograma,
	author = {Sandra Souza and Ciro Roberto de Matos},
	title = {Usos de Sistemas de S\'{i}mbolos Gr\'{a}ficos na Educa\c{c}\~{a}o, Comunica\c{c}\~{a}o e Meio Ambiente: do funcional ao est\'{e}tico},
	note = {(Visitado em 05/27/2014)},
	year = {2009}
}

@misc{ivona,
	author = {Text-to-Speech Ivona},
	title = {IVONA Text-to-Speech Software as a Service (SaaS)},
	url = {http://www.ivona.com/en/saas/},
	note = {(Visitado em 05/27/2014)},
	year = {2004}
}

@misc{att,
	author = {AT\&T},
	title = {AT\&T Natural Voices Text-\-to-Spe\-ech Demo},
	url = {http://\-www\-2.re\-sea\-rch\-.att.\-com/~\-ttsweb/\-tts/de\-mo\-.php},
	note = {(Visitado em 05/27/2014)},
	year = {2011}
}

@misc{arassac,
	author = {Governo de Aragon},
	title = {ARASAAC: Portal Aragon\^{e}s de Comunica\c{c}\~{a}o Aumentativa e Alternativa},
	url = {http://www.catedu.es/arasaac/},
	note = {(Visitado em 05/27/2014)},
	year = {2014}
}

@misc{sourceforge,
	author = {SourceForge},
	title = {SourceForge - Download, Develop and Publish Free Open Source Software},
	url = {http://sourceforge.net/},
	note = {(Visitado em 05/27/2014)},
	year = {2014}
}

@misc{monitor,
	author = {Net Market Share},
	title = {Market share for browsers, operating systems and se\-arch en\-gines},
	url = {http://\-ma\-rket\-share\-.hits\-link.\-com\-/re\-port\-.aspx?\-q\-prid\-=17},
	note = {(Visitado em 05/30/2014)},
	year = {2014}
}
@book{rogers2002,
 	 author = {Rogers, Y. and Sharp, H. and Preece, J.},
 	 publisher = {John Wiley and Sons Ltd},
 	 title = {{Interaction Design: Beyond Human-Computer Interaction}},
  	year = 2002
}
@misc{desenho,
	author = {Faculdade de Saude Publica da USP},
	title = {Desenho Universal},
	url = {http://www.fsp.usp.br/acessibilidade/desenho.htm},
	note = {(Visitado em 09/27/2014)},
	year = {2014}
}


tcc.tex latex tcc.bib bibtex tcc.tex latex tcc.tex latex

