
@article{frisch_self-consistent_1984,
	title = {Self-consistent molecular orbital methods 25. {Supplementary} functions for {Gaussian} basis sets},
	volume = {80},
	url = {http://scitation.aip.org/content/aip/journal/jcp/80/7/10.1063/1.447079},
	number = {7},
	urldate = {2015-08-24},
	journal = {The Journal of chemical physics},
	author = {Frisch, Michael J. and Pople, John A. and Binkley, J. Stephen},
	year = {1984},
	pages = {3265--3269},
	file = {C++Complete Reference (3rd Ed.).pdf:/home/lambd0x/.mozilla/firefox/n16t7829.default/zotero/storage/DHHQ8CPU/C++Complete Reference (3rd Ed.).pdf:application/pdf}
}

@article{kernighan_ansi_1988,
	title = {The {ANSI} {C} {Programming} {Language}},
	url = {http://ir.nmu.org.ua/handle/123456789/119151},
	urldate = {2015-08-24},
	author = {Kernighan, Brian W. and Ritchie, Dennis M.},
	year = {1988},
	file = {ebook - The C Programming Language Ritchie & kernighan -.doc - C.pdf:/home/lambd0x/.mozilla/firefox/n16t7829.default/zotero/storage/AEX4RRDJ/C.pdf:application/pdf}
}