@book{Dongarra:2003,
 editor = {Dongarra, Jack and Foster, Ian and Fox, Geoffrey and Gropp, William and Kennedy, Ken and Torczon, Linda and White, Andy},
 title = {Sourcebook of Parallel Computing},
 year = {2003},
 publisher = {Morgan Kaufmann Publishers Inc.},
 address = {San Francisco, CA, USA},
}


@incollection{holbig2004,
title = "An accurate and efficient selfverifying solver for systems with banded coefficient matrix",
editor = "G.R. Joubert, W.E. Nagel, F.J. Peters and W.V. Walter",
booktitle = "Parallel Computing Software Technology, Algorithms, Architectures and Applications",
publisher = "North-Holland",
year = "2004",
volume = "13",
pages = "283-290",
series = "Advances in Parallel Computing ",
issn = "0927-5452",
doi = "http://dx.doi.org/10.1016/S0927-5452(04)80038-8",
url = "http://www.sciencedirect.com/science/article/pii/S0927545204800388",
author   =    "H{\"o}lbig, Carlos Amaral and Kr{\"a}mer, Walter and Diverio, Tiaraju Asmuz",
}

@techreport{holbig03c,
  author    =   "Carlos H{\"o}lbig and Walter Kr{\"a}mer",
  title     =   "Selfverifing Solvers for Dense Systems of Linear Equations Realized in C--XSC",
  institution = "BUGH, Universit{\"a}t Wuppertal",
  year      =   2003,
  note    =   "Preprint~BUGHW-WRSWT~2003/1",
  type      =   "technical report",
  address   =   "Wuppertal, Germany",
  url       =   "http://www2.math.uni-wuppertal.de/~xsc/preprints/prep_03_1.pdf",
  urlaccessdate={2 set. 2014},
}

@inproceedings{holbig2014,
  author    =   "H{\"o}lbig, C. A. and Pavan, W. and Fernandes, J. M. C. and Mazzonetto, A. and Zortea, T.",
  title     =   "An approach for encapsulating {F}ortran coded models into a {R} package",
  address   =   "San Diego",
  year      =   2014,
  organization =   "International Congress on Environmental Modelling and Software",
  publisher =   "IEMSS",
  booktitle =   {Proceedings...},
  conference-number={7},
  url       =   "http://www.iemss.org/sites/iemss2014/papers/iemss2014_submission_146.pdf",
  urlaccessdate={2 set. 2014},
}

@inproceedings{holbig2011,
  author    =   "Maruani, E. and H{\"o}lbig, C. A. and Pavan, W. and Hemerich, D. and Fernandes, J. M. C.",
  title     =   "Embedded Systems Applied to Wheat Blast Simulation Model",
  address   =   "Rio de Janeiro",
  year      =   2011,
  organization =   "IADIS International Conference Applied Computing",
  publisher =   "IADIS Press",
  booktitle =   {Proceedings...},
  conference-number={8},
  pages={355-362},
}

@inproceedings{tibuski2013,
  author    =   "Tiburski, R. T. and Lunardi, W. T. and Pavan, W. and Rieder, R. and Dalbosco, J. and H{\"o}lbig, C. A. and Fernandes, J. M. C. and Lazzaretti, A. T. and Valdebenito, R. M.",
  title     =   "Uso da Plataforma {G}alaxy na Execu\c{c}\~{a}o de Modelos de Simula\c{c}\~{a}o",
  address   =   "Cuiab\'{a}",
  year      =   2013,
  organization =   "Simp\'{o}sio Brasileiro de Agroinform\'{a}tica",
  publisher =   "SBIAGRO",
  booktitle =   {Anais...},
  conference-number={9},
  url       =   "http://200.129.241.80/sbiagro/sbianais/paginas/trabalhos/118739_1.pdf",
  urlaccessdate={2 set. 2014},
}

@article{holbig2013,
year={2013},
issn={0101-8205},
journal={Computational and Applied Mathematics},
volume={32},
number={3},
doi={10.1007/s40314-013-0048-0},
title={High accuracy and interval arithmetic on multicore processors},
url={http://dx.doi.org/10.1007/s40314-013-0048-0},
publisher={Springer Basel},
author={H{\"o}lbig, Carlos A. and Do Carmo, Andriele and Arendt, Luis P.},
pages={425-434},
language={English}
}

@PHDTHESIS{holbig2005,
  author =       {H{\"o}lbig, Carlos Amaral},
  title =        {Ambiente de Alto Desempenho com Alta Exatid\~{a}o para a Resolu\c{c}\~{a}o de Problemas},
  school =       {Instituto de Inform\'{a}tica da Universidade Federal do Rio Grande do Sul},
  year =         {2005},
  type =         {Doutorado em Ci\^{e}ncia da Computa\c{c}\~{a}o},
  address =      {Porto Alegre},
}

@misc{Tierney2014,
author = {Luke Tierney},
year = {2012},
title = {A Byte Code Compiler for {R}},
url = {http://homepage.stat.uiowa.edu/~luke/R/compiler/compiler.pdf},
urldate = {20/08/14},
urlaccessdate={2 set. 2014},
}
