@article{ref,
  title={{Título do Trabalho}},
  author={sobrenome, nome. and sobrenome, nome.},
  journal={Local de publicação},
  pages={247},
  year={2009}
}